02RETORNO01COBRANCA       12345000123450000000XXXXXXXXXXXXXXXXXXXXXXXXX LTDA001BANCO DO BRASIL2808190000574                      000000717515692273  1234567                                                                                                                                                                                                                                              000001
70000000000000000123450001234501234567                         1234567000000460070000900AI 02700000000000 17022808190000004600                    060919000000000399000100213010000000000000000000000000000000000000000000000000000000000000000000000000000000000000000000000000000000000000000000000000000000000000000000000000000000000000          0000000000000000000000000000000000000000000000001000000002
70000000000000000123450001234501234567                         1234567000000460170000900AI 02700000000000 17022808190000004601                    060919000000000099000100213010000000000000000000000000000000000000000000000000000000000000000000000000000000000000000000000000000000000000000000000000000000000000000000000000000000000000          0000000000000000000000000000000000000000000000001000000003
70000000000000000123450001234501234567                         1234567000000460270000900AI 02700000000000 17022808190000004602                    060919000000000399000104138010000000000000000000000000000000000000000000000000000000000000000000000000000000000000000000000000000000000000000000000000000000000000000000000000000000000000          0000000000000000000000000000000000000000000000001000000004
9201001          000998020000039820698000000246          000000000000000000000000000000          000000000000000000000000000000          000000000000000000000000000000                                                  000000000000000000000000000000                                                                                                                                                   000005
